<record><leader>00000cas a2200000Ma 4500</leader><controlfield tag="001">11049038</controlfield><controlfield tag="008">840813d18761880inuwr ne      0    0eng d</controlfield><datafield ind1=" " ind2=" " tag="010"><subfield code="a">sn 84023862 </subfield></datafield><datafield ind1=" " ind2=" " tag="040"><subfield code="a">AQM</subfield><subfield code="b">eng</subfield><subfield code="c">AQM</subfield><subfield code="d">OCLCQ</subfield></datafield><datafield ind1="0" ind2="0" tag="245"><subfield code="a">Steuben weekly Republican.</subfield></datafield><datafield ind1="1" ind2="3" tag="246"><subfield code="a">Weekly Steuben Republican</subfield></datafield><datafield ind1=" " ind2=" " tag="260"><subfield code="a">Angola, Steuben County, Ind. :</subfield><subfield code="b">Brown &amp; Miller,</subfield><subfield code="c">1876-1880.</subfield></datafield><datafield ind1=" " ind2=" " tag="310"><subfield code="a">Weekly</subfield></datafield><datafield ind1="0" ind2=" " tag="362"><subfield code="a">Vol. 20, no. 16 (July 19, 1876)-v. 24, no. 51 (Dec. 15, 1880).</subfield></datafield><datafield ind1=" " ind2=" " tag="500"><subfield code="a">"Weekly" in small type above title ornament.</subfield></datafield><datafield ind1=" " ind2="7" tag="655"><subfield code="a">Newspapers.</subfield><subfield code="2">rbgenr</subfield></datafield><datafield ind1=" " ind2=" " tag="752"><subfield code="a">United States</subfield><subfield code="b">Indiana</subfield><subfield code="c">Steuben</subfield><subfield code="d">Angola.</subfield></datafield><datafield ind1="0" ind2="0" tag="780"><subfield code="t">Steuben Republican (Angola, Ind. : 1874)</subfield><subfield code="w">(DLC)sn 84023861</subfield></datafield><datafield ind1="0" ind2="0" tag="785"><subfield code="t">Steuben Republican (Angola, Ind. : 1880)</subfield><subfield code="w">(DLC)sn 85047594</subfield></datafield></record>